<?xml version="1.0" encoding="UTF-8"?><record xmlns="http://www.loc.gov/MARC21/slim" xmlns:cinclude="http://apache.org/cocoon/include/1.0" xmlns:zs="http://www.loc.gov/zing/srw/">
  <leader>00662cz  a2200145n  4500</leader>
  <controlfield tag="001">n 2007069416</controlfield>
  <controlfield tag="003">DLC</controlfield>
  <controlfield tag="005">20160107161254.0</controlfield>
  <controlfield tag="008">070925n| azannaabn          |n aaa      </controlfield>
  <datafield tag="010" ind1=" " ind2=" ">
    <subfield code="a">n 2007069416</subfield>
  </datafield>
  <datafield tag="040" ind1=" " ind2=" ">
    <subfield code="a">DLC</subfield>
    <subfield code="b">eng</subfield>
    <subfield code="e">rda</subfield>
    <subfield code="c">DLC</subfield>
    <subfield code="d">DLC</subfield>
  </datafield>
  <datafield tag="100" ind1="1" ind2=" ">
    <subfield code="a">Varga, István,</subfield>
    <subfield code="d">1953-</subfield>
  </datafield>
  <datafield tag="670" ind1=" " ind2=" ">
    <subfield code="a">Varga, István. A munkáltatók legfontosabb munkavédelmi feladatai, 2003:</subfield>
    <subfield code="b">t.p. (Varga István)</subfield>
  </datafield>
  <datafield tag="670" ind1=" " ind2=" ">
    <subfield code="a">Egy új polgári perrendtartás alapjai, 2014:</subfield>
    <subfield code="b">t.p. (Varga István) p. 761 (Dr. Varga István, PhD, dr. habil; tanszékvezető egyetemi docens (ELTE), ügyvéd)</subfield>
  </datafield>
  <datafield tag="670" ind1=" " ind2=" ">
    <subfield code="a">Magy. és nemzet. ki kicsoda, 1996: p. 1018 (hdg.: Varga István,1953-; lawyer)</subfield>
  </datafield>
</record>